


@article{article1,
  author = {Doe, John and Smith, Jane},
  title = {Exploring a New Paradigm},
  journal = {Journal of Advanced Research},
  year = {2022},
}

@article{article2,
  author = {Johnson, Michael and Brown, Sarah},
  title = {Innovations in Technology},
  journal = {Innovation and Technology Review},
  year = {2023},
}

@book{karczewski2022jezioro,
  author = {Karczewski, Dariusz and Maciejewski, Maciej and Chmiel, Julian and Goszczyński, Jacek},
  title = {Jezioro Gopło},
  address = {Kruszwica},
  publisher = {Miejsko-Gminna Biblioteka Publiczna},
  year = {2022},
}

@inproceedings{conference1,
  author = {Smith, Alice and Johnson, Robert},
  title = {Advancements in Artificial Intelligence},
  booktitle = {Proceedings of the International Conference on Artificial Intelligence},
  year = {2021},
}

@unpublished{unpublished1,
  author = {Miller, Emily and Davis, Andrew},
  title = {Exploring New Frontiers in Physics},
  note = {Unpublished manuscript},
  year = {2019},
}

@manual{manual1,
  author = {Smith, John and Johnson, Mary},
  title = {User Manual for Advanced Software},
  organization = {Organization Name},
  year = {2018},
}